@misc{Website:1,
	howpublished = {\url{https://businesstech.co.za/news/banking/288780/4-ways-south-africas-new-digital-banks-can-win-the-market/}},
	author = "Business Tech",
	title = "4 Ways South Africa's new digital banks can win the market",
	month = "Decemeber",
	year = "2018",
	note = "Accessed on 2019-15-02",
}

@misc{Website:2,
	howpublished = {\url{https://www.bankzero.co.za/faqs.html}},
	author = "BankZero",
	title = "Frequently Asked Questions",
	month = "",
	year = "",
	note = "Accessed on 2019-15-02",
}

@misc{Website:3,
	howpublished = {\url{https://www.gartner.com/en/newsroom/press-releases/2018-10-15-gartner-identifies-the-top-10-strategic-technology-trends-for-2019}},
	author = "Gartner",
	title = "Gartner Identifies the Top 10 Strategic Technology Trends for 2019s",
	month = "October",
	year = "2018",
	note = "Accessed on 2019-15-02",
}